@book{thrun2005probabilistic,
  title        = {Probabilistic Robotics},
  author       = {Sebastian Thrun and Wolfram Burgard and Dieter Fox},
  year         = {2005},
  publisher    = {MIT Press},
  address      = {Cambridge, MA, USA},
}
@article{cadena2016past,
  author       = {Cadena, Cesar and Carlone, Luca and Carrillo, Henry and Latif, Yasir and Scaramuzza, Davide and Neira, Jos{\'e} and Reid, Ian and Leonard, John},
  title        = {Past, Present, and Future of Simultaneous Localization and Mapping: Toward the Robust-Perception Age},
  journal      = {IEEE Transactions on Robotics},
  volume       = {32},
  number       = {6},
  pages        = {1309--1332},
  year         = {2016},
  doi          = {10.1109/TRO.2016.2624754},
}

@article{kalman1960new,
  author       = {Kalman, R. E.},
  title        = {A New Approach to Linear Filtering and Prediction Problems},
  journal      = {Journal of Basic Engineering},
  volume       = {82},
  number       = {1},
  pages        = {35--45},
  year         = {1960},
  doi          = {10.1115/1.3662552},
}
@inproceedings{kim2018stereo,
  author    = {Kim, Y. and Jeong, J. and Kim, A.},
  title     = {Stereo camera localization in 3D LiDAR maps},
  booktitle = {Proceedings of the IEEE/RSJ International Conference on Intelligent Robots and Systems (IROS)},
  address   = {Madrid, Spain},
  pages     = {1--9},
  year      = {2018},
  month     = {October}
}
@article{lin2021autonomous,
  author    = {Lin, X. and Wang, F. and Yang, B. and Zhang, W.},
  title     = {Autonomous Vehicle Localization with Prior Visual Point Cloud Map Constraints in GNSS-Challenged Environments},
  journal   = {Remote Sensing},
  volume    = {13},
  number    = {506},
  year      = {2021},
  doi       = {10.3390/rs13030506}
}

@article{carvalho1997optimal,
  author    = {Carvalho, H. and Del Moral, P. and Monin, A. and Salut, G.},
  title     = {Optimal nonlinear filtering in GPS/INS integration},
  journal   = {IEEE Transactions on Aerospace and Electronic Systems},
  volume    = {33},
  pages     = {835--850},
  year      = {1997},
  doi       = {10.1109/7.599911}
}


@inproceedings{levinson2007mapbased,
  author    = {Levinson, J. and Montemerlo, M. and Thrun, S.},
  title     = {Map-based precision vehicle localization in urban environments},
  booktitle = {Proceedings of Robotics: Science and Systems},
  address   = {Cambridge, MA, USA},
  volume    = {4},
  pages     = {1--8},
  year      = {2007}
}

@inproceedings{mattern2010highaccurate,
  author    = {Mattern, N. and Schubert, R. and Wanielik, G.},
  title     = {High-accurate vehicle localization using digital maps and coherency images},
  booktitle = {Proceedings of the IEEE Intelligent Vehicles Symposium},
  address   = {La Jolla, CA, USA},
  pages     = {462--469},
  year      = {2010},
  doi       = {10.1109/IVS.2010.5548051}
}

@inproceedings{qu2015vehicle,
  author    = {Qu, X. and Soheilian, B. and Paparoditis, N.},
  title     = {Vehicle localization using mono-camera and geo-referenced traffic signs},
  booktitle = {Proceedings of the IEEE Intelligent Vehicles Symposium (IV)},
  address   = {Seoul, Korea},
  pages     = {605--610},
  year      = {2015},
  doi       = {10.1109/IVS.2015.7225753}
}

@article{liu2019segmentation,
  title     = {A Precise and Robust Segmentation-Based Lidar Localization System for Automated Urban Driving},
  author    = {Liu, H. and Ye, Q. and Wang, H. and Chen, L. and Yang, J.},
  journal   = {Remote Sensing},
  volume    = {11},
  number    = {12},
  pages     = {1348},
  year      = {2019},
  publisher = {MDPI},
  doi       = {10.3390/rs11111348}
}
@inproceedings{levinson2007mapbased,
  author    = {Levinson, J. and Montemerlo, M. and Thrun, S.},
  title     = {Map-based precision vehicle localization in urban environments},
  booktitle = {Proceedings of Robotics: Science and Systems},
  address   = {Cambridge, MA, USA},
  volume    = {4},
  pages     = {1--8},
  year      = {2007}
}


@article{MohamedOdometry,
  author  = {Mohamed, A. and others},
  title   = {A Review on Visual and Non-visual Odometry Methods},
  journal = {Journal of Robotic Systems},
  year    = {2020}
}

@article{WangVisionSurvey,
  author  = {Wang, X. and others},
  title   = {Comprehensive Survey of Visual Odometry: Trends and Evaluation},
  journal = {IEEE Access},
  year    = {2019}
}

@inproceedings{BeslICP1992,
  author    = {Besl, Paul J. and McKay, Neil D.},
  title     = {A Method for Registration of 3-D Shapes},
  booktitle = {IEEE Transactions on Pattern Analysis and Machine Intelligence},
  year      = {1992}
}

@inproceedings{ZhangSinghLOAM2014,
  author    = {Zhang, Ji and Singh, Sanjiv},
  title     = {{LOAM}: Lidar Odometry and Mapping in Real-time},
  booktitle = {Robotics: Science and Systems},
  year      = {2014}
}

@article{TangLooselyCoupled,
  author  = {Tang, J. and others},
  title   = {A Loosely Coupled LiDAR-Inertial Fusion Method},
  journal = {Sensors},
  year    = {2015}
}

@article{ShanEtAlLIOSAM2020,
  author  = {Shan, T. and others},
  title   = {{LIO-SAM}: Tightly-coupled Lidar Inertial Odometry via Smoothing and Mapping},
  journal = {IEEE/RSJ International Conference on Intelligent Robots and Systems},
  year    = {2020}
}

@article{xuFastLIO2021,
  author  = {Xu, Wei and others},
  title   = {{FAST-LIO}: A Fast, Robust LiDAR-Inertial Odometry Package},
  journal = {IEEE Robotics and Automation Letters},
  volume  = {6},
  number  = {2},
  pages   = {3317--3324},
  year    = {2021}
}

@inproceedings{xuFastLIO2,
  author    = {Xu, Wei and others},
  title     = {{FAST-LIO2}: Generalized Lightweight {LIO} system on {ROS2}},
  booktitle = {IEEE/RSJ International Conference on Intelligent Robots and Systems},
  pages     = {5958--5964},
  year      = {2022}
}
@article{lins,
  author  = {Qin, Tong and Li, Peiliang and Shen, Shaojie},
  title   = {LINS: A LiDAR-Inertial State Estimator for Robust and Fast Localization},
  journal = {IEEE Robotics and Automation Letters},
  volume  = {5},
  number  = {2},
  pages   = {3867--3874},
  year    = {2020}
}

@article{cadena2016past,
  author  = {Cadena, Cesar and others},
  title   = {Past, Present, and Future of Simultaneous Localization and Mapping: Toward the Robust-Perception Age},
  journal = {IEEE Transactions on Robotics},
  volume  = {32},
  number  = {6},
  pages   = {1309--1332},
  year    = {2016}
}

@inproceedings{hess2016real,
  author    = {Hess, Wolfgang and Kohlbrecher, Stefan and others},
  title     = {Real-Time Loop Closure in 2D LIDAR SLAM},
  booktitle = {IEEE Intl. Conf. on Robotics and Automation (ICRA)},
  pages     = {1271--1278},
  year      = {2016}
}

@inproceedings{grisetti_gmapping,
  author    = {Grisetti, Giorgio and Stachniss, Cyrill and Burgard, Wolfram},
  title     = {Improved Techniques for Grid Mapping with Rao-Blackwellized Particle Filters},
  booktitle = {IEEE Transactions on Robotics},
  pages     = {34--46},
  year      = {2007}
}

@inproceedings{Levinson2007MapBased,
  author       = {Levinson, Jesse and Montemerlo, Michael and Thrun, Sebastian},
  title        = {Map-Based Precision Vehicle Localization in Urban Environments},
  booktitle    = {Proceedings of the Robotics: Science and Systems (RSS)},
  year         = {2007}
}

@article{Liu2019Precise,
  author       = {Liu, Hang and Ye, Qin and Wang, Hairui and Chen, Liang and Yang, Jian},
  title        = {A Precise and Robust Segmentation-Based Lidar Localization System for Automated Urban Driving},
  journal      = {Remote Sensing},
  volume       = {11},
  number       = {11},
  pages        = {1348},
  year         = {2019},
  doi          = {10.3390/rs11111348}
}

@article{Lin2021Autonomous,
  author       = {Lin, Xiaohu and Wang, Fuhong and Yang, Bisheng and Zhang, Wanwei},
  title        = {Autonomous Vehicle Localization with Prior Visual Point Cloud Map Constraints in {GNSS}-Challenged Environments},
  journal      = {Remote Sensing},
  volume       = {13},
  number       = {3},
  pages        = {506},
  year         = {2021},
  doi          = {10.3390/rs13030506}
}

@inproceedings{Rozenberszki2020LOL,
  author       = {Rozenberszki, D\'{a}vid and Majdik, Andr\'{a}s L.},
  title        = {{LOL}: Lidar-only Odometry and Localization in 3D Point Cloud Maps},
  booktitle    = {Proceedings of the IEEE International Conference on Robotics and Automation (ICRA)},
  year         = {2020}
}


@inproceedings{Levinson2007MapBased,
  author       = {Levinson, Jesse and Montemerlo, Michael and Thrun, Sebastian},
  title        = {Map-Based Precision Vehicle Localization in Urban Environments},
  booktitle    = {Proceedings of the Robotics: Science and Systems (RSS)},
  year         = {2007}
}

@article{Liu2019Precise,
  author       = {Liu, Hang and Ye, Qin and Wang, Hairui and Chen, Liang and Yang, Jian},
  title        = {A Precise and Robust Segmentation-Based Lidar Localization System for Automated Urban Driving},
  journal      = {Remote Sensing},
  volume       = {11},
  number       = {11},
  pages        = {1348},
  year         = {2019},
  doi          = {10.3390/rs11111348}
}

@article{Lin2021Autonomous,
  author       = {Lin, Xiaohu and Wang, Fuhong and Yang, Bisheng and Zhang, Wanwei},
  title        = {Autonomous Vehicle Localization with Prior Visual Point Cloud Map Constraints in {GNSS}-Challenged Environments},
  journal      = {Remote Sensing},
  volume       = {13},
  number       = {3},
  pages        = {506},
  year         = {2021},
  doi          = {10.3390/rs13030506}
}

@inproceedings{Rozenberszki2020LOL,
  author       = {Rozenberszki, D\'{a}vid and Majdik, Andr\'{a}s L.},
  title        = {{LOL}: Lidar-only Odometry and Localization in 3D Point Cloud Maps},
  booktitle    = {Proceedings of the IEEE International Conference on Robotics and Automation (ICRA)},
  year         = {2020}
}

@inproceedings{biber2003ndt,
  title={The normal distributions transform: A new approach to laser scan matching},
  author={Biber, Peter and Stra{\ss}er, Wolfgang},
  booktitle={Proceedings 2003 IEEE/RSJ International Conference on Intelligent Robots and Systems (IROS 2003)},
  volume={3},
  pages={2743--2748},
  year={2003},
  organization={IEEE}
}

@article{magnusson2007ndt,
  title={Scan registration for autonomous mining vehicles using 3D-NDT},
  author={Magnusson, Martin and N{\"u}chter, Andreas and Lilienthal, Achim J and Hertzberg, Joachim},
  journal={Journal of Field Robotics},
  volume={24},
  number={10},
  pages={803--827},
  year={2007},
  publisher={Wiley Online Library}
}

@inproceedings{mourikis2007multi,
  author       = {Mourikis, Anastasios I. and Roumeliotis, Stergios I.},
  title        = {A Multi-State Constraint Kalman Filter for Vision-aided Inertial Navigation},
  booktitle    = {Proceedings of the IEEE International Conference on Robotics and Automation (ICRA)},
  pages        = {3565--3572},
  year         = {2007},
  doi          = {10.1109/ROBOT.2007.364024},
}



@inproceedings{julier1997new,
  author       = {Julier, Simon J. and Uhlmann, Jeffrey K.},
  title        = {A New Extension of the Kalman Filter to Nonlinear Systems},
  booktitle    = {Proceedings of AeroSense: The 11th International Symposium on Aerospace/Defense Sensing, Simulation and Controls},
  pages        = {182--193},
  year         = {1997},
}

@article{cadena2016past,
  author       = {Cesar Cadena and Luca Carlone and Henry Carrillo and Yasir Latif and Davide Scaramuzza and Jose Neira and Ian Reid and John J. Leonard},
  title        = {Past, Present, and Future of Simultaneous Localization and Mapping: Toward the Robust-Perception Age},
  journal      = {IEEE Transactions on Robotics},
  volume       = {32},
  number       = {6},
  pages        = {1309--1332},
  year         = {2016},
  doi          = {10.1109/TRO.2016.2624754}
}

@misc{dellaert2017factor,
  author       = {Frank Dellaert},
  title        = {Factor Graphs and {GTSAM}: A Hands-On Introduction},
  year         = {2017},
  howpublished = {\url{https://doi.org/10.5281/zenodo.14117}},
  note         = {Accessed: 2024-04-01}
}

@book{jensen1996introductionBN,
  author       = {Finn V. Jensen},
  title        = {An Introduction to Bayesian Networks},
  publisher    = {UCL Press},
  year         = {1996},
  address      = {London, UK}
}

@article{kschischang1998factor,
  author       = {F. R. Kschischang and B. J. Frey and H.-A. Loeliger},
  title        = {Factor Graphs and the Sum-Product Algorithm},
  journal      = {IEEE Transactions on Information Theory},
  volume       = {47},
  number       = {2},
  pages        = {498--519},
  year         = {2001},
  doi          = {10.1109/18.910572}
}

@article{kaess2012isam2,
  author       = {Michael Kaess and Hordur Johannsson and Richard Roberts and Viorela Ila and John J. Leonard and Frank Dellaert},
  title        = {iSAM2: Incremental Smoothing and Mapping Using the Bayes Tree},
  journal      = {The International Journal of Robotics Research},
  volume       = {31},
  number       = {2},
  pages        = {217--236},
  year         = {2012},
  doi          = {10.1177/0278364911430419}
}



@incollection{smith1990estimating,
  author       = {Randall Smith and Matthew Self and Peter Cheeseman},
  title        = {Estimating Uncertain Spatial Relationships in Robotics},
  booktitle    = {Autonomous Robot Vehicles},
  editor       = {I. J. Cox and G. T. Wilfong},
  publisher    = {Springer},
  year         = {1990},
  pages        = {167--193},
  address      = {New York, NY},
  doi          = {10.1007/978-1-4613-8997-2\_13}
}

@misc{dellaert2012gtsam,
  author       = {Frank Dellaert},
  title        = {{GTSAM}: Georgia Tech Smoothing and Mapping Library},
  year         = {2012},
  howpublished = {\url{https://github.com/borglab/gtsam}},
  note         = {Accessed: 2024-04-01}
}

@inproceedings{grisetti2011g2o,
  author       = {Giorgio Grisetti and Rainer Kümmerle and Hauke Strasdat and Kurt Konolige and Wolfram Burgard},
  title        = {g2o: A General Framework for Graph Optimization},
  booktitle    = {Proceedings of the IEEE International Conference on Robotics and Automation (ICRA)},
  year         = {2011},
  pages        = {3607--3613},
  doi          = {10.1109/ICRA.2011.5979949}
}

@misc{agarwal2012ceres,
  author       = {Sameer Agarwal and Keir Mierle and Others},
  title        = {Ceres Solver},
  year         = {2012},
  howpublished = {\url{http://ceres-solver.org}},
  note         = {Accessed: 2024-04-01}
}
@article{koide2024tightly,
  title={Tightly Coupled Range Inertial Localization on a 3D Prior Map Based on Sliding Window Factor Graph Optimization},
  author={Koide, Kenji and Oishi, Shuji and Yokozuka, Masashi and Banno, Atsuhiko},
  journal={arXiv preprint arXiv:2402.05540},
  year={2024}
}


@article{koide2019portable,
  title={A Portable 3D LIDAR-based System for Long-term and Wide-area People Behavior Measurement},
  author={Koide, Kenji and Miura, Jun and Menegatti, Emanuele},
  journal={Advanced Robotic Systems},
  year={2019}
}
@InProceedings{Rusu_ICRA2011_PCL,
  author    = {Radu Bogdan Rusu and Steve Cousins},
  title     = {{3D is here: Point Cloud Library (PCL)}},
  booktitle = {{IEEE International Conference on Robotics and Automation (ICRA)}},
  month     = {May 9-13},
  year      = {2011},
  address   = {Shanghai, China},
  publisher = {IEEE}
}

@inproceedings{lang2019pointpillars,
	title={PointPillars: Fast Encoders for Object Detection from Point Clouds},
	author={Lang, Alex H and Vora, Sourabh and Caesar, Holger and Zhou, Lubing and Yang, Jiong and Beijbom, Oscar},
	booktitle={Proceedings of the IEEE/CVF Conference on Computer Vision and Pattern Recognition},
	pages={12697--12705},
	year={2019}
}

@article{yan2018second,
	title={SECOND: Sparsely Embedded Convolutional Detection},
	author={Yan, Yan and Mao, Yuxing and Li, Bo},
	journal={Sensors},
	volume={18},
	number={10},
	pages={3337},
	year={2018},
	publisher={MDPI}
}
@inproceedings{yin2021center,
	title={Center-based 3D Object Detection and Tracking},
	author={Yin, Tianwei and Zhou, Xingyi and Krahenbuhl, Philipp},
	booktitle={Proceedings of the IEEE/CVF Conference on Computer Vision and Pattern Recognition},
	pages={11784--11793},
	year={2021}
}

@inproceedings{caesar2020nuscenes,
	title={nuScenes: A multimodal dataset for autonomous driving},
	author={Caesar, Holger and Bankiti, Varun and Lang, Alex H and Vora, Sourabh and Liong, Venice Erin and Xu, Qiang and Krishnan, Anush and Pan, Yu and Baldan, Giancarlo and Beijbom, Oscar},
	booktitle={Proceedings of the IEEE/CVF Conference on Computer Vision and Pattern Recognition},
	pages={11621--11631},
	year={2020}
}

@misc{autoware_universe,
	author       = {Autoware Foundation},
	title        = {Autoware Universe: An Open-source Software Stack for Autonomous Driving},
	year         = {2023},
	howpublished = {\url{https://github.com/autowarefoundation/autoware.universe}},
	note         = {Accessed: 2024-04-29}
}
@misc{mmdet3d2020,
	title={{MMDetection3D: OpenMMLab} next-generation platform for general {3D} object detection},
	author={MMDetection3D Contributors},
	howpublished = {\url{https://github.com/open-mmlab/mmdetection3d}},
	year={2020}
}

@article{kiss2025arxiv,
	author   = {T. Guadagnino and B. Mersch and S. Gupta and I. Vizzo and G. Grisetti and C. Stachniss},
	title    = {{KISS-SLAM: A Simple, Robust, and Accurate 3D LiDAR SLAM System With Enhanced Generalization Capabilities}},
	journal  = {arXiv preprint},
	year     = 2025,
	volume   = {arXiv:2503.12660},
	url      = {https://arxiv.org/pdf/2503.12660},
}
@article{blanco2025mola_lo,
	author = {Jose Luis Blanco-Claraco},
	title ={A flexible framework for accurate LiDAR odometry, map manipulation, and localization},
	journal = {The International Journal of Robotics Research},
	volume = {0},
	number = {0},
	pages = {02783649251316881},
	year = {2025},
	doi = {10.1177/02783649251316881},
	URL = { https://doi.org/10.1177/02783649251316881},
	eprint = {https://doi.org/10.1177/02783649251316881},
}

@inproceedings{Geiger2012KITTI,
	author    = {Andreas Geiger and Philip Lenz and Raquel Urtasun},
	title     = {Are we ready for Autonomous Driving? The KITTI Vision Benchmark Suite},
	booktitle = {Proceedings of the IEEE Conference on Computer Vision and Pattern Recognition (CVPR)},
	year      = {2012},
	pages     = {3354--3361}
}
@article{Kim2020Mulran,
	author  = {Giseop Kim and Seong Hun Lee and Jinwoo Jeon and Ayoung Kim},
	title   = {MulRan: Multimodal Range Dataset for Urban Place Recognition},
	journal = {The International Journal of Robotics Research},
	volume  = {40},
	number  = {12-14},
	pages   = {1394--1407},
	year    = {2021},
	doi     = {10.1177/02783649211012805}
}

@inproceedings{teufel2022realistic,
	title     = {{Realistic Rain, Snow, and Fog Variations for Comprehensive Performance Characterization of LiDAR Perception}},
	author    = {Teufel, Johannes and Meißner, André and Wagner, Frank},
	booktitle = {Proceedings of the IEEE Intelligent Vehicles Symposium (IV)},
	year      = {2022},
	pages     = {567--574},
	doi       = {10.1109/IV53394.2022.00086},
	publisher = {IEEE}
}

